
@inproceedings{ReasoningOnScen,
	author = {Gian Luca Pozzato},
	title = {Reasoning about surprising scenarios in description logics
	of typicality},
	date = {2016},
	pages = {418–432.},
	location = {Conference of the Italian Association for Artificial Intelligence}
}

@book{DLHandbook,
	author = {Baader, Franz and Calvanese, Diego and Mcguinness, Deborah and Nardi, Daniele and F. Patel-Schneider, Peter},
	year = {2007},
	month = {01},
	pages = {},
	title = {The Description Logic Handbook: Theory, Implementation, and Applications}
}

@article{Conditional_KB,
	author = {Lehmann, Daniel and Magidor, Menachem},
	year = {1992},
	month = {05},
	pages = {1-60},
	title = {What Does a Conditional Knowledge Base Entail?},
	volume = {55},
	journal = {Artificial Intelligence},
	doi = {10.1016/0004-3702(92)90041-U}
}

@article{DLExtension,
	author = {Giordano, Laura and Olivetti, Nicola and Gliozzi, Valentina and Pozzato, Gian Luca},
	year = {2009},
	month = {01},
	pages = {341-372},
	title = {ALC + T: a Preferential Extension of Description Logics},
	volume = {96},
	journal = {Fundam. Inform.},
	doi = {10.3233/FI-2009-182}
}

@article{ProbOfEx,
	author = {Luca Pozzato, Gian},
	year = {2019},
	month = {02},
	pages = {},
	title = {Typicalities and Probabilities of Exceptions in Nonmotonic Description Logics},
	volume = {107},
	journal = {International Journal of Approximate Reasoning},
	doi = {10.1016/j.ijar.2019.02.03}
}

@article{FromPLtoDL,
	author = {Giordano, Laura and Gliozzi, Valentina and Olivetti, Nicola and Pozzato, Gian Luca},
	year = {2015},
	month = {05},
	pages = {1-33},
	title = {Semantic characterization of rational closure: From propositional logic to description logics},
	volume = {226},
	journal = {Artificial Intelligence},
	doi = {10.1016/j.artint.2015.05.001}
}

@inproceedings{COCOS,
	author = {Lieto, Antonio and Pozzato, Gian Luca and Valese, Alberto},
	year = {2018},
	month = {09},
	pages = {55-59},
	title = {COCOS: a typicality based COncept COmbination System},
	volume = {2214},
	location = {33rd Italian Conference on Computational Logic,}
}

@TechReport{OWl2Primer,
	author      = "Bijan Parsia and Sebastian Rudolph and Peter Patel-Schneider and Pascal Hitzler and Markus Kr{\"{o}}tzsch",
	title       = "{OWL} 2 Web Ontology Language Primer (Second Edition)",
	month       = dec,
	note        = "http://www.w3.org/TR/2012/REC-owl2-primer-20121211/",
	year        = "2012",
	bibsource   = "https://w2.syronex.com/jmr/w3c-biblio",
	type        = "",
	institution = "W3C",
}

@article{OwlReady,
	author = {Lamy, Jean-Baptiste},
	year = {2017},
	month = {08},
	pages = {1-18},
	title = {Owlready: Ontology-oriented programming in Python with automatic classification and high level constructs for biomedical ontologies},
	volume = {80},
	journal = {Artificial Intelligence in Medicine},
	doi = {10.1016/j.artmed.2017.07.002}
}

@online{Plotly,
	 author = {Plotly Technologies Inc.},
	 title = {Collaborative data science},
	 publisher = {Plotly Technologies Inc.},
	 address = {Montreal, QC}, 
	 year = {2015},
	 url = {https://plot.ly/python/},
	 note = {[Online; accessed 06-09-2019]}
}

@thesis{PEAR,
	author = {Gabriele Soriano and Gian Luca Pozzato},
	title = {Logiche descrittive della tipicalità: sviluppo di uno
	strumento per il ragionamento sulle probabilità di
	eccezioni},
	type = {Laurea in Informatica (triennale, DM270)},
	institution = {UniTo},
	date = {2019},
	month = {4},
}




